@article{tetris,
  author    = {Erik D. Demaine and
               Susan Hohenberger and
               David Liben{-}Nowell},
  title     = {Tetris is Hard, Even to Approximate},
  journal   = {CoRR},
  volume    = {cs.CC/0210020},
  year      = {2002},
  url       = {http://arxiv.org/abs/cs.CC/0210020},
  timestamp = {Mon, 05 Dec 2011 18:05:18 +0100},
  biburl    = {http://dblp.uni-trier.de/rec/bib/journals/corr/cs-CC-0210020},
  bibsource = {dblp computer science bibliography, http://dblp.org}
}
